@article{knuth84,
  author = {Knuth, Donald E.},
  title = {Literate Programming},
  year = {1984},
  issue_date = {May 1984},
  publisher = {Oxford University Press, Inc.},
  address = {USA},
  volume = {27},
  number = {2},
  issn = {0010-4620},
  url = {https://doi.org/10.1093/comjnl/27.2.97},
  doi = {10.1093/comjnl/27.2.97},
  journal = {Comput. J.},
  month = may,
  pages = {97â€“111},
  numpages = {15},
}

@book{ash2000probability,
  title         = {Probability and Measure Theory},
  author        = {Ash, R.B. and Doleans-Dade, C.A.},
  year          = {2000},
  publisher     = {Elsevier Science},
  isbn          = {9780120652020},
  url           = {https://books.google.com.mx/books?id=GkqQoRpCO2QC},
  lccn          = {99065669},
}

@book{mood86,
  title         = {Introduction to the Theory of Statistics},
  author        = {Mood, A.M.F. and Graybill, F.A. and Boes, D.C.},
  year          = {1986},
  series        = {McGraw-Hill series in Probability and Statistics},
  url           = {https://books.google.com.mx/books?id=bKHBjgEACAAJ},
}
